@Book{7025:DataMining,
	author = {Ian H. WITTEN, Eibe FRANK},
	title = {Data mining: Practical Machine Learning Tools and Techniques},
	publisher = {San Francisco: Morgan Kaufmann Publishers},
	year = {2005},
	edition = {2},
	isbn = {0-12-088407-0},
}

@Book{9813:DataMining,
	author = {Jiawei HAN, Micheline KAMBER, Jian PEI},
	title = {Data mining: concepts and techniques},
	publisher = {Waltham: Morgan Kaufmann},
	year = {2012},
	edition = {3},
	isbn = {978-0-12-381479-1},
}

@Article{Article:VehiclePerformance,
	title = {Data Mining; Sprint and Agnik Team on Advanced Data Mining for Enhanced Vehicle Performance Applications},
	journal = {Telecommunications Weekly},
	year = {2012},
	pages = {653},
	issn = {1945-841x},
}

@Article{Article:ApplePatent,
	title = {Apple Assigned Patent for Software Performance Analysis Using Data Mining},
	journal = {Targeted News Service},
	year = {2013},
}

@MastersThesis{Thesis:JaroslavFabian,
	author = {Jaroslav FABIAN},
	title = {Využití technik data miningu v různých odvětvích.},
	school = {Vysoké učení technické v Brně, Fakulta podnikatelská},
	year = {2013},
}

@Misc{Online:Top10Algorithms,
	author = {Xindong WU, V. Kumar, J. Ross Quinlan},
	title = {Top 10 algorithms in data mining},
	month = {4. prosinec},
	year = {2007},
	note = {[online], [cit. 2017-04-15]},
	url = {http://www.cs.uvm.edu/~icdm/algorithms/10Algorithms-08.pdf}
}

@MastersThesis{Thesis:JosefHricko,
	author = {Josef Hricko},
	type = {Bakalářská práce},
	title = {Rozpoznávání ručně psaných číslic pomocí support vecotr machines},
	school = {Vysoké učení technické v Brně, Fakulta informačních technologií},
	year = {2010},
}

@Proceedings{Conference:GPUAcceleration,
	author = {Engel Tiago Augusto, Charão, Andrea Schwertner},
	title = {Performance Improvement of Data Mining in Weka through GPU Acceleration},
	organization = {ScienceDirect},
	year = {2014},
	publisher = {Elsevier B.V.},
	issn = {1877-0509},
}

@Misc{Online:UvodDoDataMiningu,
	author = {StatSoft},
	title = {Úvod do data miningu},
	note = {[online], [cit. 2017-04-15]},
	url = {http://www.statsoft.cz/file1/PDF/newsletter/2014_02_26_StatSoft_Uvod_do_data_miningu.pdf}
}

@Misc{Online:PredikceDeskripce,
	author = {Michal Procházka},
	title = {Data mining: jiný pohled na problém},
	note = {[online], [cit. 2017-04-16]},
	url = {http://vtm.e15.cz/aktuality/data-mining-jiny-pohled-na-problem}
}